@article{Wilson2025,
author = {Wilson, Becky},
title = {{A great paper title}},
journal = {Econometrica},
number = {999},
volume = {42},
year = {2025}
}
