@article{Wilson2025,
author = {Wilson, Becky},
journal = {Econometrica},
number = {999},
volume = {42},
year = {2025}
}
